07700000         21925974300010977                  00001900000000000988 VINTA SERVICOS E SOLUCOES TECBANCO INTERMEDIUM                       00000000000000000000010300000                                                                     
07700001C0000046 21925974300010977                  00001900000000000988 VINTA SERVICOS E SOLUCOES TEC                                        AVENIDA AGAMENON MAGALHAES    04318SALA 1801      RECIFE              52021170PE00                
0770000300000A00000007700001000000000000000REBECA SARAI AGUIAR DA SILVA                      11062021000000000000000000000000000001000                    11062021000000000000000                                                    0          
0770000300003B   000006999205400RUA DAS ANGELICAS                  001331 ANDAR        CENTRO         CAMARAGIBE     54759160PE110620210000000000000010000000000000000000000000000000000000000000000000000000000001              000000000000000
07700005         000000000000000000000000000000000000000000                                                                                                                                                                                     
07799999         000000000000000000                                                                                                                                                                                                             