07700000         21925974300010977                  00001900000000000988 Vinta Servicos e Solucoes TecBanco Intermedium                       11406202116402800000210301600                                                                     
07700011C3001046 21925974300010977                  00001900000000000988 Vinta Servicos e Solucoes Tec                                        Avenida Agamenon Magalhaes    04318sala 1801      Recife              52021170PE01                
0770001300001A00001807700001000000000000000Rebeca Sarai Aguiar da Silva                      11062021BRL000000000000000000000000001000                    11062021000000000000000                                        01077       0          
0770001300002B05 100006999205400Rua das Angelicas                  001331 Andar        Centro         Camaragibe     54759160PE110620210000000000000010000000000000000000000000000000000000000000000000000000000001              000000000000000
07700015         000005000000000000001000000000000000000000                                                                                                                                                                                     
07799999         000001000007000000                                                                                                                                                                                                             