07700000         29999999900099977                  00001900000099999999 VINTA SERVICOS E SOLUCOES TECBANCO INTERMEDIUM                       11608202117150300000110301600                                                                     
07700011C3001046 29999999900099977                  00001900000099999999 VINTA SERVICOS E SOLUCOES TEC                                        AVENIDA AGAMENON MAGALHAES    04318SALA 1801      RECIFE              52021170PE01                
0770001300001A00001807700001900000999999900MARIA FULANA DA SILVA                             11062021BRL000000000000000000000000001000                    11062021000000000000000                                        01          0          
0770001300002B05 100099999999999RUA DAS AMELIAS                    001231 ANDAR        CENTRO         RECIFE         50050000PE110620210000000000010000000000000000000000000000000000000000000000000000000000000001              000000000000000
07700015         000004000000000000001000000000000000000000000000                                                                                                                                                                               
07799999         000001000006000000                                                                                                                                                                                                             