07700000         219259743000109077                 0000190000008885648 VINTA SERVICOS E SOLUCOES TECNBANCO INTER S A                         12106202111315300000110301600                                                                     
07700011C3001046 219259743000109077                 0000190000008885648 VINTA SERVICOS E SOLUCOES TECN                                        AVENIDA AGAMENON MAGALHAES    04318SALA 1801      RECIFE              52021170PE01                
0770001300001A00001807700001 0000017400562 THIAGO PAIM FERRAZ RODRIGUES                      23062021BRL000000000000000000000000000100                    23062021000000000000000                                        01          0          
0770001300006B05 100036878939879RUA ESTADO DE ISRAEL               00203APTO 1101      ILHA DO LEITE  RECIFE         50070415PE230620210000000000000010000000000000000000000000000000000000000000000000000000000001              000000000000000
0770001300002A00001807700001 0000017400562 THIAGO PAIM FERRAZ RODRIGUES                      23062021BRL000000000000000000000000000100                    23062021000000000000000                                        01          0          
0770001300007B05 100036878939879RUA ESTADO DE ISRAEL               00203APTO 1101      ILHA DO LEITE  RECIFE         50070415PE230620210000000000000010000000000000000000000000000000000000000000000000000000000001              000000000000000
0770001300003A00001807700001 0000017400562 THIAGO PAIM FERRAZ RODRIGUES                      23062021BRL000000000000000000000000000100                    23062021000000000000000                                        01          0          
0770001300008B05 100036878939879RUA ESTADO DE ISRAEL               00203APTO 1101      ILHA DO LEITE  RECIFE         50070415PE230620210000000000000010000000000000000000000000000000000000000000000000000000000001              000000000000000
0770001300004A00001807700001 0000017400562 THIAGO PAIM FERRAZ RODRIGUES                      23062021BRL000000000000000000000000000100                    23062021000000000000000                                        01          0          
0770001300009B05 100036878939879RUA ESTADO DE ISRAEL               00203APTO 1101      ILHA DO LEITE  RECIFE         50070415PE230620210000000000000010000000000000000000000000000000000000000000000000000000000001              000000000000000
0770001300005A00001807700001 0000017400562 THIAGO PAIM FERRAZ RODRIGUES                      23062021BRL000000000000000000000000000100                    23062021000000000000000                                        01          0          
0770001300010B05 100036878939879RUA ESTADO DE ISRAEL               00203APTO 1101      ILHA DO LEITE  RECIFE         50070415PE230620210000000000000010000000000000000000000000000000000000000000000000000000000001              000000000000000
07700015         000012000000000000000500000000000000000000                                                                                                                                                                                     
07799999         000001000014000000                                                                                                                                                                                                             